@article{ATNF,
   author = {{Manchester}, R.~N. and {Hobbs}, G.~B. and {Teoh}, A. and {Hobbs}, M.
	},
    title = "{The Australia Telescope National Facility Pulsar Catalogue}",
  journal = {Astronomical Journal},
   eprint = {astro-ph/0412641},
 keywords = {Catalogs, Stars: Pulsars: General},
     year = 2005,
    month = apr,
   volume = 129,
    pages = {1993-2006},
      doi = {10.1086/428488},
      url = {http://www.atnf.csiro.au/research/pulsar/psrcat},
   adsurl = {http://adsabs.harvard.edu/abs/2005AJ....129.1993M},
  adsnote = {Provided by the SAO/NASA Astrophysics Data System}
}

@article{matplotlib,
    Author = {Hunter, John D},
    Journal = {Computing in science and engineering},
    Number = {3},
    Pages = {90--95},
    Title = {Matplotlib: A 2D graphics environment},
    Volume = {9},
    Year = {2007},
    doi = {10.1109/MCSE.2007.55}
}

@online{psrqpy_github,
  author = {Matthew Pitkin},
  title = {psrqpy on GitHub},
  year = 2017,
  url = {https://github.com/mattpitkin/psrqpy},
  urldate = {2018-01-16}
}

@online{ADS,
  author = {{Sudilovsky}, V. and {Casey}, A. and {Barentsen}, G. and {Foreman-Mackey}, D. and {de Val-Borro}. M. and {Elliott}, J.},
  title = {The ads Python package},
   year = 2017,
    url = {https://ads.readthedocs.io/},
 urldate = {2018-01-16}
}

