@article{Flatspin2022,
  title = {flatspin: A large-scale artificial spin ice simulator},
  author = {Jensen, Johannes H. and Str\o{}mberg, Anders and
            Lykkeb\o{}, Odd Rune and Penty, Arthur and
            Leliaert, Jonathan and Sj\"alander, Magnus and
            Folven, Erik and Tufte, Gunnar},
  journal = {Phys. Rev. B},
  volume = {106},
  issue = {6},
  pages = {064408},
  numpages = {17},
  year = {2022},
  month = {Aug},
  publisher = {American Physical Society},
  doi = {10.1103/PhysRevB.106.064408},
  url = {https://link.aps.org/doi/10.1103/PhysRevB.106.064408}
}
